@string{PoF={Physics of Fluids}}

@ARTICLE{中文文献完整信息,
  language =     {chinese},
  author =       {作者列表},
  title =        {中文文献完整信息},
  journal =      {出版物名称},
  year =         {2016},
  volume =       {1},
  number =       {2},
  pages =        {20-30},
}

@ARTICLE{英文文献完整信息,
  author =       {{Author List}},
  title =        {Aticle Title},
  journal =      {Journal Name},
  year =         {2016},
  volume =       {1},
  number =       {2},
  pages =        {20-30},
}

@BOOK{中文书籍完整信息,
  language =     {chinese},
  author =       {作者列表},
  translator =   {译者列表},
  title =        {中文书籍完整信息},
  publisher =    {出版社},
  year =         {2016},
  address =      {绵阳},
  edition =      {3},
  pages =        {100-110},
}

@BOOK{英文书籍完整信息,
  author =       {{Author List}},
  title =        {The Book Name},
  publisher =    {Publisher},
  year =         {2016},
  address =      {Address},
  edition =      {3},
  pages =        {100-110},
}

@INPROCEEDINGS{中文论文集析出文献,
  language =     {chinese},
  author =       {作者列表},
  title =        {论文标题},
  pages =        {50-60},
  publisher =    {出版者},
  year =         {2016},
  address =      {出版地},
  bookauthor =   {论文集作者(可选)},
  booktitle =    {论文集名称},
}

@INPROCEEDINGS{英文论文集析出文献,
  author =       {{Author List}},
  title =        {Aticle Title},
  pages =        {50-60},
  publisher =    {Publisher},
  year =         {2016},
  address =      {Address},
  bookauthor =   {{Collection Author List}},
  booktitle =    {Collection Name},
}

@INPROCEEDINGS{中文论文集析出文献1,
  language =     {chinese},
  author =       {诸叶梅},
  title =        {浅谈我国科技期刊国际化},
  pages =        {184-186},
  publisher =    {中国科学技术协会},
  year =         {2004},
  address =      {北京},
  booktitle =    {首届科技出版发展论坛论文集},
}

@ONLINE{电子文献1,
  language =     {chinese},
  author =       {萧钰},
  title =        {出版业信息化迈入快车道},
  date =         {2012-04-05},
  urldate =      {2014-10-01},
  url  =         {http://www.creader.com/news/20011219/200112190019.html},
}

@PATENT{专利1,
  language =     {chinese},
  author =       {张凯军},
  title =        {轨道火车及高速轨道火车紧急安全制动辅助装置},
  location =     {中国},
  number =       {201220158825},
  date =         {2012-04-05},
  urldate =      {2014-10-01},
}

@PATENT{中文专利,
  language =     {chinese},
  author =       {专利所有者},
  title =        {专利名称},
  location =     {专利国别},
  number =       {专利号码},
  date =         {2015-10-01},
  urldate =      {2014-10-01},
  url =          {http://www.baidu.com},
}


@BOOK{外作者1,
  author =       {Dwyane Tyrone Wade},
  title =        {English author name list},
}

@BOOK{外作者2,
  author =       {Dwyane Tyrone Wade and Michael Jordan},
  title =        {English author name list},
}

@BOOK{外作者3,
  author =       {Dwyane Tyrone Wade and Michael Jordan and Kobe Bryant},
  title =        {English author name list},
}

@BOOK{外作者4,
  author =       {Dwyane Tyrone Wade and Michael Jordan and Kobe Bryant and Lebron James},
  title =        {English author name list},
}

@BOOK{外作者5,
  author =       {Gustave Nicolas de La Vall\'{e}e Poussin},
  title =        {English author name list},
}

@BOOK{外作者6,
  author =       {de La Vall\'{e}e Poussin and Nicolas von Poussin},
  title =        {English author name list},
}

@BOOK{外作者7,
  author =       {{Jun\'{e} D} and {Lynam E J H} and {Bennett G J}},
  title =        {English author name list},
}

@BOOK{外作者8,
  author =       {Poussin, Nicolas Peria and Nicolas Peria Poussin},
  title =        {English author name list},
}

@BOOK{外作者9,
  author =       {Charles-Jean Étienne Gustave Nicolas de La Vallée Poussin},
  title =        {English author name list},
}



@BOOK{译者1,
  language =     {chinese},
  author =       {张三},
  translator =   {译者一},
  title =        {译者数量测试},
}

@BOOK{译者2,
  language =     {chinese},
  author =       {张三},
  translator =   {译者一 and 译者二},
  title =        {译者数量测试},
}

@BOOK{译者3,
  language =     {chinese},
  author =       {张三},
  translator =   {译者一 and 译者二 and 译者三},
  title =        {译者数量测试},
}

@BOOK{译者4,
  language =     {chinese},
  author =       {张三},
  translator =   {译者一 and 译者二 and 译者三 and 译者四},
  title =        {译者数量测试},
}

@BOOK{译者5,
  language =     {chinese},
  author =       {张三},
  translator =   {译者一 and 译者二 and 译者三 and 译者四 and 译者五},
  title =        {译者数量测试},
}

@BOOK{哈里森经济2012,
  language =     {chinese},
  author =       {哈里森 and 沃尔德伦},
  translator =   {谢远涛},
  title =        {经济数学与金融数学},
  publisher =    {中国人民大学出版社},
  year =         {2012},
  address =      {北京},
  pages =        {235-236},
}

@BOOK{Ellzy3000,
  author    =   {Donald Ervin Knuth},
  title     =   {Absorbing boundary conditions for acoustic and elastic wave equation},
  journal   =   {Bulletin of the Seismological Society of America},
  year      =   {1997},
  volume    =   {67},
  number    =   {6},
  pages     =   {1529-1540},
}

@ARTICLE{test,
    language={chinese},
	author={张三 and 李四 and 王五 and 赵六},
	title={模板测试},
	publisher={银河系 and 银河系 and 银河系},
	year={1986},
	volume={E},
	address={地球},
}

@ARTICLE{Ellzy1995,
  author    =   {Robert Clayton and Bj\"orn Engquist},
  title     =   {Absorbing boundary conditions for acoustic and elastic wave equation},
  journal   =   {Bulletin of the Seismological Society of America},
  year      =   {1997},
  volume    =   {67},
  number    =   {6},
  pages     =   {1529-1540},
}


@BOOK{lshort-cn,
  author =       {C\TeX{}~翻译小组},
  title =        {lshort中文版3.20},
  year =         {2003},
}

@ARTICLE{MELLINGER96,
  language={english},
  AUTHOR =       "Mellinger  A  and Vidal  C  R  and Jungen Ch.",
  TITLE =        "Laser reduced fluorescence study of the carbon-monoxide nd
                  triplet {R}ydberg series-experimental results and multichannel
                  quantum-defect analysis",
  JOURNAL =      "J. Chem. Phys.",
  PAGES =        "8913-8921",
  VOLUME =       104,
  NUMBER =       5,
  YEAR =         1996,
}


@BOOK{deng:01a,
  author =       {邓建松 and 彭冉冉 and 陈长松},
  title =        {\LaTeXe{}~科技排版指南},
  publisher={银河系 and 银河系 and 银河系},
  year =         {2001},
  address =      {北京},
}

@BOOK{wang:00a,
  author =       {王磊},
  title =        {\LaTeXe{}~插图指南},
  year =         {2000},
}

@BOOK{zhang:03a,
  author =       {张林波},
  title =        {关于新版~CCT~的说明},
  year =         {2003},
}

@book{lamport85a,
	author={Leslie L},
	title={{LaTeX} --- A Document Preparation System: User's Guide and Reference Manual},
	publisher={Addison-Wesley},
	year={1985},
	address={Reading, Massachusetts},
	edition={2nd}
}

@book{knuth86a,
	author={Donald E. Knuth},
	title={The {TeX}book},
	publisher={Addison-Wesley},
	year={1986},
	volume={A},
	address={Reading, Massachusetts},
	series={Computers and Typesetting}
}

@book{knuth86b,
	author={Donald E. Knuth},
	title={{TeX}: The Program},
	publisher={Addison-Wesley},
	year={1986},
	volume={B},
	address={Reading, Massachusetts},
	series={Computers and Typesetting}
}

@book{knuth86c,
	author={Donald E. Knuth},
	title={The {METAFONT}book},
	publisher={Addison-Wesley},
	year={1986},
	volume={C},
	address={Reading, Massachusetts},
	series={Computers and Typesetting}
}

@book{knuth86d,
	author={Donald E. Knuth},
	title={{METAFONT}: The Program},
	publisher={Addison-Wesley},
	year={1986},
	volume={D},
	address={Reading, Massachusetts},
	series={Computers and Typesetting}
}

@book{knuth86e,
	author={Donald E. Knuth},
	title={Computer Modern Typefaces},
	publisher={Addison-Wesley},
	year={1986},
	volume={E},
	address={Reading, Massachusetts},
	series={Computers and Typesetting}
}
