@string{PoF={Physics of Fluids}}

@BOOK{刘海洋LaTeX,
  language =     {chinese},
  author =       {刘海洋},
  title =        {\LaTeX 入门},
  publisher =    {电子工业出版社},
  year =         {2013},
  address =      {北京},
}

@BOOK{胡伟LaTeX,
  language =     {chinese},
  author =       {胡伟},
  title =        {\LaTeXe 完全学习手册},
  publisher =    {清华大学出版社},
  year =         {2013},
  address =      {北京},
  edition =      {2},
}

@BOOK{陈志杰LaTeX,
  language =     {chinese},
  author =       {陈志杰 and  赵书钦 and 李树钧 and 万福永},
  title =        {\LaTeX 入门与提高},
  publisher =    {高等教育出版社},
  year =         {2006},
  address =      {北京},
  edition =      {2},
}

@BOOK{LaTeXCompanion,
  author =       {Frank Mittelbach and Michel Goossens and Johannes Braams and David Carlisle and Chris Rowley},
  title =        {The LaTeX Companion},
  publisher =    {Addison-Wesley Professional},
  year =         {2006},
  address =      {Boston},
  edition =      {2},
}

@INPROCEEDINGS{诸叶梅2004,
  language =     {chinese},
  author =       {诸叶梅},
  title =        {浅谈我国科技期刊国际化},
  pages =        {184-186},
  publisher =    {中国科学技术协会},
  year =         {2004},
  address =      {北京},
  booktitle =    {首届科技出版发展论坛论文集},
}

@PROCEEDINGS{台湾光复2012,
  language =     {chinese},
  author =       {中国社会科学院台湾史研究中心},
  title =        {台湾光复六十五周年暨抗战史实学术研讨会论文集},
  publisher =    {九州出版社},
  address =      {北京},
  year=          {2012},
}

@ONLINE{萧钰2012Online,
  language =     {chinese},
  author =       {萧钰},
  title =        {出版业信息化迈入快车道},
  date =         {2012-04-05},
  urldate =      {2014-10-01},
  url  =         {http://www.creader.com/news/20011219/200112190019.html},
}

%专利号过长，可能需要手动设置断行
@PATENT{张凯军2012Patent,
  language =     {chinese},
  author =       {张凯军},
  title =        {轨道火车及高速轨道火车紧急安全制动辅助装置},
  location =     {中国},
  number =       {2012201588\-2\-5},
  date =         {2012-04-05},
}


@BOOK{哈里森经济2012,
  language =     {chinese},
  author =       {哈里森 and 沃尔德伦},
  translator =   {谢远涛},
  title =        {经济数学与金融数学},
  publisher =    {中国人民大学出版社},
  year =         {2012},
  address =      {北京},
  pages =        {235-236},
}


@BOOK{刘国钧陈绍业,
  language =     {chinese},
  author =       {刘国钧 and 陈绍业},
  title =        {图书馆目录},
  publisher =    {高等教育出版社},
  year =         {1957},
  address =      {北京},
  pages =        {15-18},
}

@BOOK{FANX,
  author =       {{Fan X} and {Sommers C H}},
  title =        {Food irradiation research and technology},
  publisher =    {Blackwell Publishing},
  year =         {2013},
  edition =      {2},
  address =      {{Ames, Iowa}},
  pages =        {25-26},
}

@REPORT{冯西桥1997,
  language =     {chinese},
  author =       {冯西桥},
  title =        {核反应堆压力管道与压力容器的LBB分析},
  institution =  {清华大学核能技术研究设计院},
  year =         {1997},
  address =      {北京},
}

@THESIS{周林2012,
  language =     {chinese},
  author =       {周林},
  title =        {可压缩自由剪切流的线性稳定性及噪声机理研究},
  institution =  {中国科学技术大学},
  year =         {2012},
  address =      {安徽合肥},
}

@ARTICLE{Ellzy1995,
  author    =   {Robert Clayton and Bj\"orn Engquist},
  title     =   {Absorbing boundary conditions for acoustic and elastic wave equation},
  journal   =   {Bulletin of the Seismological Society of America},
  year      =   {1997},
  volume    =   {67},
  number    =   {6},
  pages     =   {1529-1540},
}

@ARTICLE{李晓东1999,
  language =    {chinese},
  author    =   {李晓东 and 张庆红 and 叶瑾琳},
  title     =   {气候学研究的若干理论问题},
  journal   =   {{北京大学学报: 自然科学版}},
  year      =   {1999},
  volume    =   {35},
  number    =   {1},
  pages     =   {101-106},
}

@BOOK{国标2015,
  language =     {chinese},
  author =       {中华人民共和国国家质量监督检验检疫总局 and 中国国家标准化管理委员会},
  address =      {北京},
  publisher =    {中国标准出版社},
  title =        {信息与文献 参考文献著录规则},
  year=          {2015},
}

@ARTICLE{周林2012IJA,
  author    =   {Lin Zhou and Ming Jun Wei and De Jun Sun},
  title     =   {A simple model for mechanism study of sound generation in mixing layers},
  journal   =   {International Journal of Aeroacoustics},
  year      =   {2012},
  volume    =   {11},
  number    =   {3\&4},
  pages     =   {447-458},
}

@ARTICLE{万振华2012QD,
  language  =   {chinese},
  author    =   {万振华 and 周林 and 孙德军},
  title     =   {方腔流致震荡及噪声的数值研究},
  journal   =   {空气动力学学报},
  year      =   {2012},
  volume    =   {30},
  number    =   {3},
}


@ARTICLE{周林1,
  author    =   {Lin Zhou and Zhen Hua Wan and  Ming Jun Wei},
  title     =   {The temporal stability of compressible swirling jet},
}

@ARTICLE{周林2,
  author    =   {Lin Zhou and Zhen Hua Wan and  Ming Jun Wei and De Jun Sun},
  title     =   {Flow decomposition and sound source of swirling jet},
}


@BOOK{王磊:插图,
  author =       {王磊},
  title =        {\LaTeXe 插图指南},
  year =         {2000},
}

@BOOK{knuth86a,
	author={Donald Ervin Knuth},
	title={The \TeX book},
	publisher={Addison-Wesley},
	year={1986},
	volume={A},
	address={Reading, Massachusetts},
	series={Computers and Typesetting},
}

@BOOK{VICTOREIJKHOUT,
  author =       {VICTOR Eijkhout},
  title =        {\TeX BY TOPIC, A \TeX NICIAN’S REFERENCE},
  year =         {2001},
}
